@article{lecun1998gradient,
  title={Gradient-based learning applied to document recognition},
  author={LeCun, Yann and Bottou, L{\'e}on and Bengio, Yoshua and Haffner, Patrick},
  journal={Proceedings of the IEEE},
  volume={86},
  number={11},
  pages={2278--2324},
  year={1998},
  publisher={IEEE}
}

@misc{lecun2010mnist,
  title={MNIST handwritten digit database},
  author={LeCun, Yann and Cortes, Corinna and Burges, CJ},
  year={2010},
  publisher={ATT Labs [Online]. Available: http://yann.lecun.com/exdb/mnist}
}

@inproceedings{simard2003best,
  title={Best practices for convolutional neural networks applied to visual document analysis},
  author={Simard, Patrice Y and Steinkraus, Dave and Platt, John C},
  booktitle={ICDAR},
  volume={3},
  pages={958--962},
  year={2003}
}

@inproceedings{ciresan2012multi,
  title={Multi-column deep neural networks for image classification},
  author={Cire{\c{s}}an, Dan C and Meier, Ueli and Schmidhuber, J{\"u}rgen},
  booktitle={2012 IEEE Conference on Computer Vision and Pattern Recognition},
  pages={3642--3649},
  year={2012},
  organization={IEEE}
}

@article{mcculloch1943logical,
  title={A logical calculus of the ideas immanent in nervous activity},
  author={McCulloch, Warren S and Pitts, Walter},
  journal={The bulletin of mathematical biophysics},
  volume={5},
  number={4},
  pages={115--133},
  year={1943},
  publisher={Springer}
}

@article{rosenblatt1958perceptron,
  title={The perceptron: a probabilistic model for information storage and organization in the brain.},
  author={Rosenblatt, Frank},
  journal={Psychological review},
  volume={65},
  number={6},
  pages={386},
  year={1958},
  publisher={American Psychological Association}
}

@article{rumelhart1986learning,
  title={Learning representations by back-propagating errors},
  author={Rumelhart, David E and Hinton, Geoffrey E and Williams, Ronald J},
  journal={nature},
  volume={323},
  number={6088},
  pages={533--536},
  year={1986},
  publisher={Nature Publishing Group}
}

@article{glorot2011deep,
  title={Deep sparse rectifier neural networks},
  author={Glorot, Xavier and Bordes, Antoine and Bengio, Yoshua},
  journal={Proceedings of machine learning research},
  volume={15},
  number={106},
  pages={315--323},
  year={2011},
  publisher={JMLR. org}
}

@article{lecun2015deep,
  title={Deep learning},
  author={LeCun, Yann and Bengio, Yoshua and Hinton, Geoffrey},
  journal={nature},
  volume={521},
  number={7553},
  pages={436--444},
  year={2015},
  publisher={Nature Publishing Group}
}

@book{ritchie1978c, 
  title={The C programming language}, 
  author={Ritchie, Dennis M and Kernighan, Brian W}, 
  year={1978}, 
  publisher={Prentice-hall Englewood Cliffs, NJ}  
}  
  
@inproceedings{chellapilla2006high, 
  title={High performance convolutional neural networks for document processing}, 
  author={Chellapilla, Kumar and Puri, Sidd and Simard, Patrice}, 
  booktitle={Tenth International Workshop on Frontiers in Handwriting Recognition}, 
  year={2006}, 
  organization={Suvisoft}  
}  
  
@article{buck2010cuda, 
  title={CUDA: Scalable parallel programming for high-performance scientific computing}, 
  author={Buck, Ian}, 
  journal={Biomedical Computation Review}, 
  volume={1}, 
  number={2}, 
  pages={26--30}, 
  year={2010}, 
  publisher={Citeseer}  
}  
  
@article{van2011numpy, 
  title={Numpy: A guide to numpy}, 
  author={Van Der Walt, Stefan and Colbert, S Chris and Varoquaux, Ga{\"e}l}, 
  year={2011}, 
  publisher={CreateSpace Independent Publishing Platform USA}  
}  
  
@article{wilson1995memory, 
  title={Memory management for high-performance applications}, 
  author={Wilson, Paul R and Johnstone, Mark S and Neely, Michael and Boles, David}, 
  journal={Computer}, 
  volume={28}, 
  number={1}, 
  pages={39--50}, 
  year={1995}, 
  publisher={IEEE}  
}  

@book{goodfellow2016deep, 
  title={Deep learning}, 
  author={Goodfellow, Ian and Bengio, Yoshua and Courville, Aaron}, 
  year={2016}, 
  publisher={MIT press}  
}  
  
@misc{andrewcarteruk2018mnist, 
  author = {Carter, Andrew}, 
  title = {A plain C implementation of a feedforward neural network trained using backpropagation}, 
  year = {2018}, 
  publisher = {GitHub}, 
  journal = {GitHub repository}, 
  howpublished = {\url{https://github.com/AndrewCarterUK/mnist-neural-network-plain-c}}, 
}  

@book{cover2006elements,  
  title={Elements of information theory},  
  author={Cover, Thomas M and Thomas, Joy A},  
  year={2006},  
  publisher={John Wiley \& Sons}  
}  

@misc{tensorflow2015mnist,  
  title={MNIST Basic},  
  author={Google Brain Team},  
  year={2015},  
  howpublished={\url{https://guide.ncloud-docs.com/docs/en/tensorflow-tensorflow-1-3}}  
}  